<?xml version="1.0" encoding="UTF-8"?><collection xmlns="http://www.loc.gov/MARC21/slim"><record><leader>00575nam--2200181-u-4500</leader><controlfield tag="001">000054841</controlfield><controlfield tag="002">20161230</controlfield><controlfield tag="005">20161230201051</controlfield><controlfield tag="008">120619s1000------------r-----000-0-fre-d</controlfield><datafield ind1=" " ind2=" " tag="040"><subfield code="a">IFIN-HH</subfield></datafield><datafield ind1=" " ind2=" " tag="041"><subfield code="a">fre</subfield></datafield><datafield ind1=" " ind2=" " tag="080"><subfield code="a">539.171.017:541.28(043)</subfield></datafield><datafield ind1="1" ind2=" " tag="100"><subfield code="a">Auger, Pierre</subfield></datafield><datafield ind1="1" ind2="0" tag="245"><subfield code="a">Observation de nouveaux noyaux 37si, 40p, 41s et 42s produits par des reactions tres inelastiques induites par 40ar sur 238u</subfield><subfield code="b">These</subfield><subfield code="c">Pierre auger</subfield></datafield><datafield ind1=" " ind2=" " tag="260"><subfield code="a">Paris</subfield><subfield code="b">Universite Pierre Et Marie Curie</subfield><subfield code="c">1979</subfield></datafield><datafield ind1=" " ind2=" " tag="300"><subfield code="a">84P</subfield></datafield><datafield ind1=" " ind2=" " tag="852"><subfield code="a">49639</subfield><subfield code="c">539.17</subfield></datafield><datafield ind1=" " ind2=" " tag="CAT"><subfield code="a">Sys</subfield><subfield code="c">20120619</subfield><subfield code="h">144318</subfield></datafield></record></collection>